@Misc{Parr17,
  Author = {Parr, B},
  Title  = {Why You Need to Add Facebook Messenger to Your List of Marketing Tools},
  Note   = {\url{https://www.inc.com/ben-parr/12-stats-that-show-why-facebook-messenger-is-so-important-to-your-business.html} [Accessed: 07/11/2018]},
  year = {2017},
}

@Article{Denoeux95,
    Author = {Thierry Denoeux},
    Title = {A k-Nearest Neighbour classification rule based on Dempster-Shafer Theory},
    Year = {1995},
    Journal = {IEEE Trans. Syst. Man. Cyb},
    Number = {2},
    Pages = {804-813}
}

@misc{mongodb_2017, title={What Is MongoDB?}, url={https://www.mongodb.com/what-is-mongodb}, journal={MongoDB}, publisher={MongoDB}, year={2017}, month={Apr}}

@misc{korneliusz_2014, title={MongoDB vs MySQL: Comparison Between RDBMS and Document Oriented Database}, url={https://blog.udemy.com/mongodb-vs-mysql/}, journal={Udemy Blog}, publisher={Udemy}, author={KORNELIUSZ}, year={2014}, month={May}}